@book{macgluer,
        author={Barbara D. MacCluer},
        title={Elementary Functional Analysis},
        year={2009},
        publisher={Springer}
}

@book{brezis,
        author={Haim Brezis},
        title={Functional Analysis, Sobolev Spaces and Partial Differential Equations},
        year={2010},
        publisher={Springer}
}

@article{cycr,
        author={Bruce Blackadar},
        title={Operator Algebras, Theory of C*-Algebras and von Neumann Algebras},
        publisher={University of Nevada},
        year={2017}
}

@book{reed,
        author={Michael Reed and Barry Simon},
        title={Methods of Modern Mathematical Physics},
        year={1980},
        publisher={Academic Press}
}

@book{bogachev,
        author={V.I. Bogachev and O.G. Smolyanov},
        title={Topological Vector Spaces and Their Applications},
        year={2017},
        publisher={Springer}
}

@book{pedersen,
        author={Gert Pedersen},
        title={Analysis Now},
        year={1989},
        publisher={Springer-Verlag}
}

@MISC{heirarchy,
        author={Greg Kuperberg},
        title={Diagram of relations among topologies on $B(X)$ of bounded operators},
        year={2008},
        url={https://commons.wikimedia.org/w/index.php?curid=124278094},
        publisher={Wikimedia Commons}
}
